<record><leader>00000cas a22000007a 4500</leader><controlfield tag="001">11323486</controlfield><controlfield tag="008">841029d18921907mtuwr ne      0    0eng d</controlfield><datafield ind1=" " ind2=" " tag="010"><subfield code="a">sn 84036230 </subfield></datafield><datafield ind1=" " ind2=" " tag="040"><subfield code="a">MTL</subfield><subfield code="b">eng</subfield><subfield code="c">MTL</subfield><subfield code="d">OCLCQ</subfield></datafield><datafield ind1=" " ind2=" " tag="042"><subfield code="a">msc</subfield></datafield><datafield ind1="0" ind2="0" tag="245"><subfield code="a">Flathead herald-journal.</subfield></datafield><datafield ind1=" " ind2=" " tag="260"><subfield code="a">Kalispell, Mont. :</subfield><subfield code="b">Moore &amp; Houtz,</subfield><subfield code="c">-1907.</subfield></datafield><datafield ind1=" " ind2=" " tag="300"><subfield code="a">15 v. :</subfield><subfield code="b">ill. ;</subfield><subfield code="c">56 cm.</subfield></datafield><datafield ind1=" " ind2=" " tag="310"><subfield code="a">Weekly</subfield></datafield><datafield ind1="0" ind2=" " tag="362"><subfield code="a">-v. 16, no. 46 (May 30, 1907).</subfield></datafield><datafield ind1="1" ind2=" " tag="362"><subfield code="a">Began July 2, 1892.</subfield><subfield code="z">Cf. Kalispell journal, June 6, 1907.</subfield></datafield><datafield ind1=" " ind2=" " tag="500"><subfield code="a">"Democratic." Cf. Ayer, 1895.</subfield></datafield><datafield ind1=" " ind2=" " tag="500"><subfield code="a">"Official city paper," &lt;1893&gt;-1901, 1906-1907; "official county paper, " 1898-1904.</subfield></datafield><datafield ind1=" " ind2=" " tag="580"><subfield code="a">Formed by the union of: Flathead journal (non-extant), and: Kalispell herald (non-extant).</subfield></datafield><datafield ind1=" " ind2=" " tag="752"><subfield code="a">United States</subfield><subfield code="b">Montana</subfield><subfield code="c">Flathead</subfield><subfield code="d">Kalispell.</subfield></datafield><datafield ind1="1" ind2="4" tag="780"><subfield code="t">Flathead journal</subfield></datafield><datafield ind1="1" ind2="4" tag="780"><subfield code="t">Kalispell herald</subfield></datafield><datafield ind1="0" ind2="0" tag="785"><subfield code="t">Kalispell journal</subfield><subfield code="w">(DLC)sn 84036231</subfield></datafield></record>